4230 5452
368 329 453 473 cs
643 273 1718 481 uscuuvsnuu

362 585 648 695 transeuntem,
676 587 860 697 pontium
880 585 918 668 Y
938 613 1005 694 per
1024 585 1153 667 Corol.
1173 583 1285 692 Prop.
1313 608 1371 683 14
1407 579 1593 667 describet
1609 583 1821 668 Sestionern
1842 591 1918 668 Co-

362 727 486 810 nicam
506 753 594 834 quae
611 724 778 829 attinget
797 723 907 831 polos
924 720 974 824 C,
991 719 1029 802 D
1050 746 1060 798 t
1087 720 1130 799 bt
1150 719 1292 826 pariter
1312 745 1402 799 cum
1431 715 1632 802 concursus
1651 722 1701 803 M
1729 720 1917 824 festarum

364 861 452 944 CX
466 861 529 962 M,
563 857 655 944 Al<
667 861 733 962 M,
760 859 912 942 ducitur
939 883 1008 968 per
1036 855 1175 940 seuam
1209 856 1260 940 M
1274 856 1345 965 Q,
1377 885 1419 938 ac
1449 854 1650 939 concursus
1671 858 1711 938 X
1724 857 1917 943 'redarum

364 990 454 1077 EX
466 993 520 1100 K,
535 991 679 1075 CXM
698 1019 767 1100 per
788 990 999 1072 Sestionem
1018 989 1203 1070 Conicam
1222 989 1476 1095 attingentem
1507 989 1618 1098 polos
1638 989 1687 1094 E,
1713 991 1747 1072 C
1768 1021 1781 1098 3
1801 1017 1921 1100 punc.

361 1146 447 1210 tum
467 1125 507 1208 K
522 1125 735 1210 sectionem
751 1123 934 1207 Conicam
945 1119 1128 1204 describet
1148 1147 1217 1230 per
1235 1122 1346 1229 polos
1366 1121 1417 1224 E,
1436 1119 1476 1201 A
1492 1147 1502 1200 ι
1530 1121 1697 1228 denique
1715 1122 1919 1206 concursus

364 1259 415 1344 M
435 1259 620 1343 redarum
634 1256 675 1340 A
690 1257 803 1358 ΜΟ,
822 1257 917 1340 CM
930 1253 983 1358 Y,
997 1269 1177 1337 movetur
1194 1279 1263 1361 per
1283 1253 1425 1336 sedam
1440 1253 1489 1335 M
1502 1255 1563 1360 Q
1577 1255 1619 1337 ot
1648 1255 1851 1338 concursus
1880 1257 1918 1337 Y

363 1391 549 1476 redarum
570 1389 655 1476 DY
668 1395 722 1492 0,
749 1387 896 1472 CMY
913 1416 982 1495 per
999 1385 1213 1468 sectionem
1233 1385 1415 1470 Conicam
1435 1389 1546 1495 polos
1566 1388 1615 1492 C,
1634 1389 1673 1472 D
1693 1415 1918 1498 percurren-

362 1511 478 1627 tem,
511 1521 555 1602 δί
574 1523 659 1602 ideo
677 1517 862 1628 pundurn
893 1517 932 1598 Ο
951 1512 1135 1597 describet
1153 1511 1366 1597 Sestionem
1402 1517 1585 1598 Conicam
1621 1545 1691 1627 per
1724 1519 1834 1628 polos
1860 1517 1917 1630 A,

361 1643 415 1866 ἑ).
473 1653 579 1762 Ergo
612 1647 676 1733 sex
708 1649 847 1762 punda
871 1651 940 1754 W,
960 1647 1016 1754 X,
1042 1644 1094 1750 Z,
1119 1645 1173 1746 Y,
1200 1645 1254 1750 K,
1282 1648 1337 1754 0,
1366 1647 1559 1731 Sestiones
1581 1651 1744 1737 Conicas
1775 1647 1916 1733 descri-

391 1801 468 1868 ent.

904 2053 1003 2139 PR
1033 2053 1144 2139 ΟΡ.
1200 2049 1364 2136 XXIII.

424 2312 531 2432 sderr'r
548 2307 677 2427 postris
684 2306 741 2420 fit
758 2337 784 2393 n
802 2335 977 2398 numerus
989 2307 1184 2398 redarum
1202 2311 1311 2394 circa
1321 2304 1470 2421 persia
1484 2308 1538 2411 A,
1564 2307 1617 2412 B,
1636 2311 1682 2412 C,
1700 2311 1772 2414 D,
1792 2312 1845 2416 E,
1865 2315 1915 2418 F,

360 2309 504 2528 Ildtc.
529 2461 718 2560 tanquam
726 2447 836 2562 polos
853 2446 1084 2532 moventium
1109 2465 1192 2558 qaue
1198 2438 1280 2559 sese
1296 2441 1574 2558 interserentes
1587 2439 1745 2556 pendis
1763 2467 1846 2559 quae
1857 2452 1917 2536 ad

359 2645 536 2751 firmnrrrm
551 2642 644 2758 sunt
661 2589 853 2784 [αἶ-ης
872 2643 1060 2730 ducantur
1086 2638 1385 2751 interfectionum
1393 2639 1543 2758 panda
1562 2669 1594 2742 „n
1605 2670 1665 2724 -ι
1687 2663 1765 2761 per
1783 2645 1915 2738 relius

357 2894 521 2982 totidem
538 2895 682 2998 datas,
709 2846 966 3007 dicentique
985 2840 1214 3039 Q
1232 2891 1419 2986 sectiones
1434 2893 1596 2981 Conicas
1611 2897 1829 3014 describere.

407 3144 605 3256 Epundiis
617 3092 853 3286 ’Ek-{¹2²
876 3171 965 3252 quae
983 3173 1053 3256 pes
1071 3147 1188 3232 restas
1200 3147 1389 3258 positione
1406 3149 1512 3230 datas
1531 3173 1611 3264 non
1628 3149 1822 3238 ducuntur
1841 3158 1914 3240 eli·

356 3357 471 3451 gatur
488 3335 691 3446 quodlibet
710 3339 750 3418 Ο
769 3337 812 3418 b(
825 3351 1021 3442 quaeratur
1041 3343 1234 3448 AEquatio
1252 3343 1394 3424 Curvae
1410 3339 1621 3451 descriptae.
1677 3343 1752 3428 Per
1770 3352 1914 3456 ponda

358 3474 417 3573 A,
435 3470 471 3555 B
488 3491 622 3580 agatur
643 3471 741 3554 reeta
764 3467 841 3554 AB
868 3471 1054 3580 positione
1072 3476 1170 3558 datis
1189 3479 1239 3563 M
1250 3479 1315 3588 Q,
1342 3475 1387 3558 N
1400 3478 1454 3580 L,
1479 3477 1574 3582 SH,
1591 3457 1632 3561 T
1647 3511 1681 3584 c,
1709 3481 1763 3563 W
1773 3483 1828 3588 R,
1840 3473 1914 3580 &u

356 3631 557 3690 occurrens
576 3607 616 3686 in
636 3607 700 3716 Q,
718 3603 772 3708 L,
787 3601 847 3706 H,
867 3633 900 3706 e,
931 3603 984 3708 R,
1002 3605 1074 3698 &u
1099 3607 1142 3690 ὃῐ
1161 3636 1182 3690 a
1201 3610 1344 3717 pundo
1370 3609 1410 3690 O
1431 3609 1476 3722 fit
1495 3611 1668 3722 ordinata
1687 3615 1770 3697 ΟΡ
1784 3619 1824 3699 in
1844 3621 1916 3728 da.-

357 3761 401 3825 to
425 3739 569 3848 angulo
586 3737 633 3819 ad
660 3737 797 3820 seuam
817 3731 908 3852 AB,
936 3754 1053 3842 atque
1071 3767 1140 3847 per
1158 3737 1437 3824 interfectiones
1456 3745 1522 3848 M,
1542 3744 1602 3850 N,
1618 3745 1660 3850 S,
1674 3747 1729 3854 T,
1751 3751 1821 3857 W,
1838 3755 1913 3850 &a

358 3903 445 3984 quae
464 3871 652 3982 positione
688 3873 792 3954 datas
811 3890 1039 3980 percurrunt
1057 3895 1217 3984 agantur
1245 3877 1431 3962 ordinata
1463 3879 1547 3962 ΟΡ
1568 3885 1761 3990 parallelae
1791 3891 1841 3976 M
1857 3893 1914 4001 V,

360 4007 403 4132 N
419 4007 459 4109 h,
495 4006 521 4088 S
537 4005 589 4108 G,
616 4001 700 4108 Tt,
728 4005 783 4086 W
798 4004 832 4109 l,
868 4001 939 4098 &a
976 4004 1193 4114 sedemque
1212 4006 1440 4096 ABsecent
1468 4015 1507 4094 in
1527 4013 1582 4118 V,
1600 4015 1641 4121 h,
1662 4018 1715 4123 G,
1733 4039 1765 4125 t,
1784 4023 1819 4130 1,
1838 4027 1912 4120 &a

358 4143 522 4228 Dicatur
547 4135 684 4217 AP=
699 4167 742 4240 x,
769 4137 831 4220 Po
849 4164 935 4244 =y,
962 4138 1157 4246 QV=u‚
1186 4139 1370 4250 Lh=z‚
1398 4145 1912 4266 HG=5‚et=t‚1R.=,3

358 4277 434 4362 &c
471 4267 666 4374 Quoniam
686 4287 747 4350 tot
765 4265 853 4348 sunt
870 4263 1068 4351 variabiles
1093 4299 1133 4373 rr,
1150 4301 1195 4370 z,
1211 4305 1245 4376 s,
1260 4293 1293 4392 r,
1320 4305 1356 4381 r,
1378 4275 1455 4360 bic.
1483 4297 1623 4386 praeter
1652 4286 1866 4372 ordinatam
1881 4321 1912 4400 y

359 4411 402 4492 u
419 4397 611 4488 abscissam
630 4427 659 4486 x
676 4419 772 4508 quot
790 4398 875 4485 sunt
889 4397 1000 4484 restae
1017 4403 1204 4516 positione
1216 4407 1314 4491 datae
1334 4435 1497 4518 quarum
1516 4437 1695 4503 numerus
1709 4419 1764 4504 est
1780 4449 1875 4507 er-1
1895 4451 1911 4529 3

1790 4605 1916 4670 mam·
