4318 5428
130 421 133 428 ,
235 212 1201 484 ,ἣμῇγρνῃιῡΕυΙιο
1248 271 1489 474 Ass
1535 261 1669 406 oq
2077 203 2083 212 ’

128 547 131 555 ’
292 607 295 612 -
357 541 466 683 'jus
479 507 700 650 sitieram
723 549 785 651 ab
803 537 1012 680 'inclytis'
1034 519 1304 676 majoribus
1329 545 1425 648 tibi
1450 548 1750 648 mandatam
1774 543 1941 650 habes.

372 701 458 810 vEt
480 707 738 846 'e'isemp'lar
766 691 981 844 quidem
990 691 1283 847 perillustre
1309 707 1498 808 abillis
1525 702 1790 842 accepisti3
1822 739 1942 835 nam

258 899 262 906 ·
355 917 360 950 -·
383 858 607 974 omnibus
628 892 815 994 notum,
834 873 920 1008 qui
938 903 1109 978 rerum
1123 873 1429 978 Scoticorum
1454 872 1541 998 nel
1560 871 1742 974 leviter
1774 870 1943 1002 gnari,

385 1061 535 1162 quam
552 1027 752 1163 strenui
763 1033 974 1170 publica
1000 1031 1289 1139 Libertatis
1311 1029 1535 1168 vindices
1555 1033 1730 1156 suero,
1779 1027 1852 1155 (φ
1889 1029 1943 1130 iu

369 1186 559 1318 sumno
591 1225 761 1294 rerum
802 1169 1108 1326 discrimine
1138 1207 1381 1324 quantum
1427 1188 1644 1289 conciliis
1686 1187 1759 1314 &
1779 1189 1942 1290 armis

294 1459 300 1476 ,
373 1345 648 1482 profuere.¹
710 1353 822 1456 Sed
851 1352 913 1452 de
936 1349 1129 1483 magnis
1163 1341 1382 1493 prestat
1413 1343 1575 1476 filere
1615 1379 1764 1480 quam
1808 1346 1941 1470 levia

385 1507 564 1611 dicere.
637 1515 830 1614 Vereor
850 1492 1104 1610 automno
1130 1507 1184 1610 in
1204 1501 1501 1634 modestiam
1524 1524 1667 1606 tuam
1681 1533 1878 1642 peccem
1887 1508 1947 1643 ſs

385 1665 621 1798 dicerem,
656 1669 901 1772 Patrium
943 1689 1087 1771 tuam
1125 1699 1220 1767 non
1250 1663 1447 1774 minora
1479 1698 1512 1764 a
1557 1685 1610 1768 te
1659 1675 1941 1804 expectare,

387 1858 582 1959 quama
604 1824 867 1960 clarifflmo
891 1826 1062 1962 quovis
1086 1858 1114 1929 e
1137 1823 1354 1931 Proaois
1371 1823 1495 1955 tuis.
1568 1819 1779 1928 Honoris
1797 1829 1941 1968 ¹euim

387 1981 461 2108 &
496 1983 782 2088 Libertatis
800 1983 1086 2123 principiis,
1120 2015 1224 2118 qun
1253 1975 1514 2120 generosos
1540 1985 1627 2086 ‘ad
1640 2017 1821 2120 magna
1863 2022 1940 2089 ca·

380 2139 617 2284 peffleuda
633 2139 1011 2282 propellunt‚·te
1034 2141 1280 2248 imbutum
1304 2172 1406 2254 nou¹
1422 2160 1624 2260 tautum
1639 2137 1943 2280 perandum
2092 2229 2100 2244 .
2130 2125 2131 2154 Ν

385 2299 478 2440 est,
500 2303 611 2444 sed
624 2331 771 2441 porro
807 2303 962 2408 cuivis
989 2305 1319 2440 exploratum.
1406 2301 1485 2448 Ca
1494 2319 1665 2420 terum
1704 2308 1815 2440 quis
1846 2343 1943 2410 non

227 2475 230 2488 ’
340 2463 546 2588 ''oiaec‚
580 2457 934 2604 Philosophum
972 2461 1046 2588 &¹
1071 2459 1523 2584 Mathematicum,
1556 2469 1753 2601 magnis
1779 2435 1980 2604 Regu·
2018 2509 2041 2526 “·

362 2621 596 2764 *negotiis
618 2637 901 2756 occupatum
918 2647 1029 2757 pra
1051 2621 1259 2756 reliquis
1270 2617 1382 2758 sua
1407 2619 1595 2744 atatis,
1620 2627 1706 2796 qui
1715 2629 1941 2763 puerilia

386 2799 602 2884 tantum·
637 2779 973 2903 meditantur,
1013 2782 1149 2914 longe
1197 2779 1266 2881 iu.
1280 2776 1554 2913 fastigium
1588 2783 1781 2916 gloriae
1823 2814 1940 2922 pro·

379 2935 673 3076 greffurum.
742 2935 903 3068 Perge
920 2933 1254 3074 illustrifflme
1270 2937 1371 3057 vir,
1391 2934 1639 3042 virtutem
1667 2939 1739 3066 &
1761 2945 1941 3048 dadsi-

179 3096 226 3206 ὗ
387 3133 521 3242 nam.
537 3095 694 3234 sequi,
725 3115 784 3198 ut
797 3096 877 3232 fis
912 3099 1120 3202 tandem
1155 3129 1250 3200 uon
1272 3115 1476 3206 tautum
1518 3099 1814 3226 Britaniae‚
1836 3101 1947 3245 sed

388 3249 463 3379 &¹
482 3253 808 3394 seculidecus
824 3254 1084 3388 egregium.
1107 3273 1110 3282 ’
1155 3254 1376 3366 Interim
1387 3252 1605 3394 ignoscas
1623 3264 1751 3366 mihi
1769 3264 1942 3408 quaeso

387 3417 555 3520 m'eam
572 3414 855 3536 audaciam,
893 3415 1020 3548 quod
1034 3415 1370 3554 patrocinium
1393 3435 1554 3542 tuum,
1590 3421 1703 3527 huic
1720 3427 1942 3569 opusculo

388 3577 768 3682 invocaverim.'
814 3577 886 3680 Et
919 3593 977 3674 ut
1013 3575 1180 3678 omnia
1211 3572 1460 3710 felicitur
1482 3579 1760 3717 succedant
1811 3623 1947 3725 quae.

385 3739 534 3876 digne
560 3733 774 3860 conaris,
812 3737 976 3844 Deum
1000 3740 1111 3876 Opt.
1140 3741 1305 3858 Mau.
1348 3738 1601 3842 Precatur

1056 3949 1156 4054 Tui
1183 3952 1422 4056 Nominis
1449 3954 1501 4057 &
1535 3950 1816 4089 Dignitatis

1133 4129 1605 4242 Observantiffisnus
1631 4146 1813 4248 Cultor

1302 4351 1442 4488 Gor..
1474 4351 1941 4492 Bsssxonnrnco.

1716 4634 1944 4746 PRAE·
