4230 5452
351 315 436 416 ιη
630 264 786 398 nn
869 183 1676 404 Cuntinurr

225 591 239 607 »-
352 537 396 618 δί
423 564 492 646 per
510 537 648 647 puncta
668 537 722 640 R,
741 532 790 639 B,
808 533 940 646 &Q
965 533 1016 638 C,
1042 550 1201 646 agantur
1220 529 1328 612 reciae
1358 525 1441 612 RB
1460 531 1502 612 R
1520 531 1606 640 QG
1626 559 1714 638 quae
1733 533 1939 616 conveni-

349 688 418 752 ant
437 673 477 752 in
495 671 547 753 A.
603 671 715 752 Circa
734 669 843 778 polos
863 666 919 769 A,
938 665 987 772 B,
1005 667 1039 747 C
1060 683 1287 750 moveantur
1300 662 1410 747 reiiae
1431 663 1498 745 AS
1509 663 1568 764 N,
1596 661 1731 768 BSO,
1756 665 1849 745 CO
1866 664 1937 773 N,

351 830 440 909 quae
460 804 527 886 fibi
544 821 747 886 occurrant
764 805 804 884 in
836 801 876 906 S,
903 800 962 906 N,
989 801 1057 907 03
1085 787 1247 882 ducatur
1268 789 1479 880 'concursus
1504 798 1531 878 S
1558 797 1746 880 rectarum
1764 797 1938 926 ASN,

352 935 473 1022 BSO
511 938 738 1048 perrectum
766 935 869 1042 QK,
896 963 973 1016 non
990 936 1150 1042 quidem
1170 961 1239 1042 per
1257 932 1396 1014 fessam
1415 931 1454 1014 K
1471 933 1524 1036 R,
1561 961 1609 1014 ex
1622 931 1737 1046 cujus
1772 933 1935 1040 punfio
1997 956 1999 960 ·

199 1097 201 1102 ’
346 1071 442 1154 dato
462 1074 500 1155 R
521 1073 632 1156 ducta
643 1072 718 1152 fuit
740 1065 816 1151 AB
828 1071 891 1175 R,
919 1067 1103 1150 resiarum
1124 1055 1217 1150 uero
1237 1065 1306 1146 AS
1316 1065 1374 1169 N,
1394 1065 1486 1147 CN
1497 1062 1537 1146 O
1553 1063 1754 1147 concursus
1782 1065 1828 1148 N
1850 1094 1934 1172 per

349 1205 489 1287 restam
521 1203 565 1288 N
581 1175 673 1288 'KR
708 1231 785 1285 non
803 1222 931 1285 autern
953 1230 1022 1309 per
1042 1200 1132 1308 QK
1163 1195 1209 1281 e'x
1237 1199 1344 1309 cujus
1364 1199 1509 1308 puniio
1527 1200 1617 1280 dato
1651 1199 1805 1306 Qaiia
1834 1221 1935 1280 erat

349 1337 474 1444 QCA
494 1367 507 1442 3
535 1357 652 1442 atque
674 1336 861 1446 puniium
886 1335 924 1414 Ο
947 1333 1133 1416 testarum
1153 1333 1240 1413 CO
1256 1331 1315 1436 N,
1335 1329 1461 1413 BSO
1480 1330 1680 1414 concursus
1700 1329 1931 1413 Seciionem
1989 1333 1992 1338 ’

348 1455 535 1552 Conicanr
563 1467 764 1571 describet,
791 1494 859 1576 per
887 1471 1063 1574 quinque
1089 1468 1230 1576 puniia
1246 1469 1337 1549 data
1356 1465 1404 1570 B,
1422 1467 1473 1571 C,
1490 1465 1545 1570 K,
1562 1468 1629 1570 Q,
1648 1467 1686 1547 R
1715 1465 1929 1552 transeun-

347 1617 441 1686 tem.
504 1603 605 1686 Haec
623 1601 865 1686 Construuio
884 1601 1165 1685 demonstratur
1178 1601 1443 1688 ex·C0roliarii
1469 1601 1550 1682 r&
1567 1625 1605 1706 3,
1632 1601 1746 1710 Propi
1768 1611 1842 1684 1³⁸.
1949 1667 1952 1674 .

922 1885 1318 1990 conoul

401 3571 513 3656 Hinc
532 3572 688 3658 describi
716 3581 842 3688 potest
859 3581 984 3664 Senio
1002 3583 1162 3687 Conica,
1187 3614 1257 3696 per
1276 3604 1442 3694 quatuor
1459 3590 1601 3698 puniia
1619 3592 1720 3696 data,
1738 3620 1908 3701 quorum

344 3734 467 3790 unum
487 3709 533 3790 srt
550 3697 590 3792 in
609 3712 697 3794 data
726 3731 923 3824 tangente.
979 3715 1073 3796 Esto
1101 3720 1205 3798 enirn
1234 3716 1311 3802 BA
1338 3740 1497 3834 tangens
1517 3725 1618 3828 data,
1642 3727 1912 3836 punctumque
1999 3819 2004 3831 ,

346 3835 384 3920 Β
410 3832 451 3919 in
471 3869 514 3921 ea
533 3841 681 3948 datum,
707 3865 825 3954 atque
842 3849 991 3957 reliqua
1007 3850 1082 3930 tria
1098 3846 1148 3953 C,
1166 3853 1231 3963 Q,
1246 3849 1298 3934 K
1337 3851 1399 3936 Ex
1417 3857 1612 3964 puncioK
1630 3857 1819 3944 ducantur
1836 3892 1913 3973 per

344 3963 390 4052 B
409 3969 451 4052 δί
471 3976 536 4084 Q,
563 3975 673 4057 reste
696 3975 795 4084 ΒΚ,
822 3979 927 4089 QK,
945 3981 988 4063 δί
1006 3981 1151 4096 junsiis
1172 3984 1276 4094 Q&
1293 3985 1343 4090 C,
1378 3982 1613 4098 producatur
1630 3993 1730 4076 resia
1757 3995 1845 4105 QG
1861 3997 1908 4083 A

343 4127 435 4210 quae
453 4110 627 4212 tangenti
646 4129 821 4194 occurrat
839 4115 880 4196 in
894 4111 935 4196 A
953 4144 967 4220 3
994 4115 1084 4200 dein
1097 4117 1196 4236 circa
1213 4121 1323 4228 polos
1343 4117 1399 4228 A,
1418 4121 1466 4230 B,
1485 4125 1519 4204 C
1548 4146 1777 4214 moveantur
1793 4129 1908 4213 κᾶε

347 4233 498 4340 ASN,
533 4234 673 4344 usn,
690 4243 849 4349 coN,
873 4244 941 4330 fini
957 4273 1199 4333 occurrentes
1218 4253 1258 4332 rn
1277 4253 1335 4357 N,
1356 4255 1475 4362 s,0;
1501 4258 1662 4344 ducatur
1680 4261 1725 4346 N
1744 4242 1909 4350 concur-

132 4369 150 4414 ’-
232 4471 237 4478 .
347 4339 412 4455 sus
430 4371 616 4458 retiarurn
635 4375 779 4462 CON
798 4379 841 4466 δί
859 4378 998 4469 ASN
1015 4411 1084 4497 per
1102 4385 1242 4472 neam
1262 4380 1360 4497 ΒΚ,
1377 4389 1421 4474 ὅῑ
1440 4367 1642 4482 cencursus
1671 4395 1907 4618 διεᾶπέῧ

1418 4524 1429 4546 .
1788 4529 1829 4614 A
1945 4559 1964 4570 η
